@Article{mackay2000,
 author = {R. J. MacKay and R. W. Oldford},
 title = {Scientific Method, Statistical Method andthe Speed of Light},
 journal = {Statistical Science},
 year = {2000},
}
@Book{xie2015,
  title = {Dynamic Documents with {R} and knitr},
  author = {Yihui Xie},
  publisher = {Chapman and Hall/CRC},
  address = {Boca Raton, Florida},
  year = {2015},
  edition = {2nd},
  note = {ISBN 978-1498716963},
  url = {http://yihui.name/knitr/},
}
@Book{spiegelhalter2019,
  title = {The Art of Statistics},
  author = {David Spiegelhalter},
  publisher = {Penguin/Pelican Books},
  year = {2019},
  edition = {1st},
  note = {ISBN 978-0241398630},
  url = {https://github.com/dspiegel29/ArtofStatistics},
}
@Book{r4ds,
 title = {R for Data Science},
 author = {Garret Grolemund & Hadley Wickham},
 publisher = {O'Reilly},
 year = {2017},
 note = {ISBN 978-1491910399},
 url = {https://r4ds.had.co.nz/},
}
@Manual{R-rstudio,
    title = {RStudio: Integrated Development Environment for R},
    author = {{RStudio Team}},
    organization = {RStudio, Inc.},
    address = {Boston, MA},
    year = {2019},
    url = {http://www.rstudio.com/},
  }
@Manual{tidyverse,
    title = {tidyverse: Easily Install and Load the 'Tidyverse'},
    author = {Hadley Wickham},
    year = {2017},
    note = {R package version 1.2.1},
    url = {https://CRAN.R-project.org/package=tidyverse},
  }
@Manual{R-base,
  title = {R: A Language and Environment for Statistical Computing},
  author = {{R Core Team}},
  organization = {R Foundation for Statistical Computing},
  address = {Vienna, Austria},
  year = {2019},
  url = {https://www.R-project.org/},
}
@Manual{R-bookdown,
  title = {bookdown: Authoring Books and Technical Documents with R Markdown},
  author = {Yihui Xie},
  year = {2019},
  note = {R package version 0.12},
  url = {https://CRAN.R-project.org/package=bookdown},
}
@Manual{R-knitr,
  title = {knitr: A General-Purpose Package for Dynamic Report Generation in R},
  author = {Yihui Xie},
  year = {2019},
  note = {R package version 1.23},
  url = {https://CRAN.R-project.org/package=knitr},
}
@Manual{R-rmarkdown,
  title = {rmarkdown: Dynamic Documents for R},
  author = {JJ Allaire and Yihui Xie and Jonathan McPherson and Javier Luraschi and Kevin Ushey and Aron Atkins and Hadley Wickham and Joe Cheng and Winston Chang and Richard Iannone},
  year = {2019},
  note = {R package version 1.14},
  url = {https://CRAN.R-project.org/package=rmarkdown},
}
@Book{dsur,
 title = {Discovering Statistics Using R},
 author = {Andy Field, Jeremy Miles, Zoe Field},
 publisher = {SAGE},
 year = {2012},
 note = {ISBN 9781446200469},
 url = {https://uk.sagepub.com/en-gb/eur/discovering-statistics-using-r/book236067},
}
 @Manual{adventr,
    title = {adventr: Interactive tutorials to accompany An Adventure in Statistics},
    author = {Andy Field},
    year = {2019},
    note = {R package version 0.1.2},
    url = {http://milton-the-cat.rocks/home/adventr.html}
}
 @Manual{apm,
    title = {AppliedPredictiveModeling: Functions and Data Sets for 'Applied Predictive Modeling'},
    author = {Max Kuhn and Kjell Johnson},
    year = {2018},
    note = {R package version 1.1-7},
    url = {https://CRAN.R-project.org/package=AppliedPredictiveModeling},
}
  @Manual{rethinking,
    title = {rethinking: Statistical Rethinking book package},
    author = {Richard McElreath},
    year = {2016},
    note = {R package version 1.59},
}

